<record><leader>00000cas a22000007a 4500</leader><controlfield tag="001">12077119</controlfield><controlfield tag="008">850524d190619uualuwx ne      0    0eng d</controlfield><datafield ind1=" " ind2=" " tag="010"><subfield code="a">sn 85044663 </subfield></datafield><datafield ind1=" " ind2=" " tag="040"><subfield code="a">ABJ</subfield><subfield code="b">eng</subfield><subfield code="c">ABJ</subfield><subfield code="d">CPN</subfield><subfield code="d">OCLCQ</subfield><subfield code="d">OCLCO</subfield></datafield><datafield ind1="1" ind2=" " tag="029"><subfield code="a">AU@</subfield><subfield code="b">000025828623</subfield></datafield><datafield ind1=" " ind2=" " tag="042"><subfield code="a">msc</subfield></datafield><datafield ind1="0" ind2="4" tag="245"><subfield code="a">The Alabama citizen.</subfield></datafield><datafield ind1=" " ind2=" " tag="260"><subfield code="a">Birmingham, Ala. :</subfield><subfield code="b">Alabama Anti-Saloon League</subfield></datafield><datafield ind1=" " ind2=" " tag="300"><subfield code="a">v. :</subfield><subfield code="b">ill., photos.</subfield></datafield><datafield ind1=" " ind2=" " tag="310"><subfield code="a">Weekly,</subfield><subfield code="b">&lt;1918-&gt;</subfield></datafield><datafield ind1=" " ind2=" " tag="321"><subfield code="a">Weekly,</subfield><subfield code="b">&lt;-1915&gt;</subfield></datafield><datafield ind1=" " ind2=" " tag="321"><subfield code="a">Semimonthly,</subfield><subfield code="b">1915-1918</subfield></datafield><datafield ind1="1" ind2=" " tag="362"><subfield code="a">Previously printed, Aug., 1906-</subfield><subfield code="z">Cf. ULS.</subfield></datafield><datafield ind1=" " ind2=" " tag="500"><subfield code="a">"We are camping on the trail of the liquor traffic in Alabama, and our camp fires will never go out."--W.B. Crumpton.</subfield></datafield><datafield ind1=" " ind2=" " tag="500"><subfield code="a">Editors: &lt;Nov. 11, 1913-Nov. 10, 1915&gt;, Brooks Lawrence; Nov. 25, 1915-Nov. 1, 1917, J.C. Persinger; Nov. 15, 1917-, Brooks Lawrence.</subfield></datafield><datafield ind1=" " ind2=" " tag="588"><subfield code="a">Description based on: Vol. 9, no. 1 (Nov. 11, 1913).</subfield></datafield><datafield ind1="2" ind2=" " tag="710"><subfield code="a">Alabama Anti-Saloon League.</subfield></datafield><datafield ind1=" " ind2=" " tag="752"><subfield code="a">United States</subfield><subfield code="b">Alabama</subfield><subfield code="c">Jefferson</subfield><subfield code="d">Birmingham.</subfield></datafield><datafield ind1="0" ind2="0" tag="780"><subfield code="t">Citizen (Birmingham, Ala.)</subfield></datafield></record>